<?xml version="1.0" encoding="UTF-8"?><collection><record><leader>07241ntm a2200601 a 4500</leader><controlfield tag="001">006834426</controlfield><controlfield tag="003">MiAaHDL</controlfield><controlfield tag="005">20190719000000.0</controlfield><controlfield tag="006">m        d        </controlfield><controlfield tag="007">cr bn ---auaua</controlfield><controlfield tag="008">090706s1582    xx            00| ||ara d</controlfield><datafield tag="035" ind1=" " ind2=" "><subfield code="a">(MiU)006834426</subfield></datafield><datafield tag="035" ind1=" " ind2=" "><subfield code="a">sdr-miu006834426</subfield></datafield><datafield tag="040" ind1=" " ind2=" "><subfield code="a">MiU</subfield><subfield code="c">MiU</subfield><subfield code="e">amremm</subfield></datafield><datafield tag="043" ind1=" " ind2=" "><subfield code="a">n-us-mi</subfield></datafield><datafield tag="100" ind1="1" ind2=" "><subfield code="6">880-01</subfield><subfield code="a">Qudūrī, Aḥmad ibn Muḥammad,</subfield><subfield code="d">972 or 973-1037.</subfield></datafield><datafield tag="240" ind1="1" ind2="0"><subfield code="6">880-02</subfield><subfield code="a">Mukhtaṣar</subfield></datafield><datafield tag="245" ind1="1" ind2="0"><subfield code="6">880-03</subfield><subfield code="a">Matn al-Shaykh al-Qudūrī,</subfield><subfield code="f">[989, i.e. 1582].</subfield></datafield><datafield tag="260" ind1=" " ind2=" "><subfield code="c">[1582].</subfield></datafield><datafield tag="300" ind1=" " ind2=" "><subfield code="a">181 leaves :</subfield><subfield code="b">paper ;</subfield><subfield code="c">207 x 145 (140 x 75) mm.</subfield></datafield><datafield tag="500" ind1=" " ind2=" "><subfield code="a">Shelfmark: Ann Arbor, University of Michigan, Special Collections Library, Isl. Ms. 1026</subfield></datafield><datafield tag="500" ind1=" " ind2=" "><subfield code="a">Origin: As appears in colophon on p.366, copied by Ibrāhīm ibn Maḥmūd with transcription completed "fī yawm al-ʻArafah al-uḍḥīyah..", i.e. 9 Dhū al-Ḥijjah 989 [ca. 4 January 1582].</subfield></datafield><datafield tag="500" ind1=" " ind2=" "><subfield code="a">Accompanying materials: a. Slip with description in hands of Eilts and Jameson "Fiqh | Kitāb al-Ṭahārah | &amp; other texts | on Islamic ritual requirements | Brought to RBR on 10-27-70 by Mr. Eilts. | Purchased by Mr. Sulaiman from Librarie Tunisienne in 1967. Letter &amp; invoice in MSS file. | author | date of mss unknown" and on verso "Hanafite legal texts"</subfield></datafield><datafield tag="500" ind1=" " ind2=" "><subfield code="a">Former shelfmark: Mich. Isl. Ms. temp. no. 175</subfield></datafield><datafield tag="500" ind1=" " ind2=" "><subfield code="a">Binding: Pasteboards covered in dark red-brown leather ; Type II binding (with flap, now lost) ; board linings in untinted laid paper ; upper and lower covers carry blind-stamped mandorla (filled with symmetrical vegetal composition, compare Déroche class. NSd 7) and tooled border ; sewn in cream thread, two stations, failing ; worked chevron endbands in cream and pale pink, in poor condition with losses to headband (almost entirely gone) and tailband ; overall in somewhat poor condition with much abrasion, extensive pest damage, delamination and losses of boards, loss of flap, spine almost fully detatched from textblock, etc. ; housed in box for protection.</subfield></datafield><datafield tag="500" ind1=" " ind2=" "><subfield code="a">Support: European laid paper with 9-10 laid lines per cm. (vertical), chain lines spaced 28 mm. apart (horizontal), watermark of anchor (single line) in circle with six-pointed star above (see p.18, 36, 46, 121, etc.) and countermark of "H S" (see p.44 and compare no.38 in Velkov, Les Filigranes dans les documents Ottomans), sturdy, cream in color, well-burnished ; extensive pest damage ; added leaves and flyleaves in different European papers.</subfield></datafield><datafield tag="500" ind1=" " ind2=" "><subfield code="a">Decoration: Section headings and some abbreviation symbols (mainly two-teeth stroke overlining keywords) rubricated.</subfield></datafield><datafield tag="500" ind1=" " ind2=" "><subfield code="a">Script: Naskh ; elegant, spacious hand in a thin line ; virtually serifless with slight effect of tilt to the left, curvilinear descenders, open and closed counters, pointing (two and three dots) mainly in conjoined dots, alif maqṣūrah occasionally pointed as yāʼ, tāʼ maftūḥah rather than tāʼ marbūṭah occasionally employed, extensively vocalized.</subfield></datafield><datafield tag="500" ind1=" " ind2=" "><subfield code="a">Layout: Written in 13 lines per page ; frame-ruled.</subfield></datafield><datafield tag="500" ind1=" " ind2=" "><subfield code="a">Collation: ii, 5 (5), V-2 (13), 16 V(173), V-2 (181), ii ; exclusively quinions ; catchwords present ; pagination in pencil, Western numerals, supplied during digitization (includes flyleaves and added leaves at opening).</subfield></datafield><datafield tag="500" ind1=" " ind2=" "><subfield code="a">Colophon: "Scribal," rectangular, reads "قد وقع الفراغ من تحرير هذا الكتاب في شهر ذي الحجة الحرام في يوم العرفة الاضحية سنة تسع وثمانين وتسع مائت تمت ... وانا الفقير المقر بالذنب والتقصير سليمان بن محمود غفر الله ذنوبهم وستر عيوبهم وجعل مسكنهم بحبوحة جنانه امين بحرمت سيد الاولين والاخرين واله الطيبين واصحابه المطهرين ..."</subfield></datafield><datafield tag="500" ind1=" " ind2=" "><subfield code="a">Explicit: "فاذا صحت المسئلة المناسخة واردت معرفة ما نسبة كل واحد من جناب [؟] الدرهم قسمت ما صحت منه المسئلة على ثمانية واربعين فما خرج اخذت له من سهام كل واحد حبة حبة والله اعلم وصلى الله على سيدنا محمد واله وصحبه وسلم تسليما دائما ابدا الحمد لله على الاتمام"</subfield></datafield><datafield tag="500" ind1=" " ind2=" "><subfield code="a">Incipit: "كتاب الطهارة قال الله تعالى يا ايها الذين امنوا اذا قمتم الى الصلاة فاغسلوا وجوهكم وايديكم الى المرافق وامسحوا برؤسكم [برؤوسكم] وارجلكم الى الكعبين ففرض الطهارة غسل الاعضاء الثلاثة ومسح الرأس والمرفقان والكعبان يدخلان في الغسل ..."</subfield></datafield><datafield tag="500" ind1=" " ind2=" "><subfield code="a">Title from inscription on added leaf at opening (p.11).</subfield></datafield><datafield tag="500" ind1=" " ind2=" "><subfield code="a">Ms. codex.</subfield></datafield><datafield tag="510" ind1="4" ind2=" "><subfield code="a">Velkov, Asparouh. Les Filigranes dans les documents Ottomans: divers types d’images. Sofia: Éditions "Texte - A. Trayanov", 2005.</subfield></datafield><datafield tag="510" ind1="4" ind2=" "><subfield code="a">Brockelmann, C. GAL,</subfield><subfield code="c">I 174 ; S I 295-6</subfield></datafield><datafield tag="520" ind1="8" ind2=" "><subfield code="a">Careful copy of the celebrated Ḥanafī legal manual by Abū al-Ḥusayn Aḥmad ibn Muḥammad al-Qudūrī (d.1037).</subfield></datafield><datafield tag="538" ind1=" " ind2=" "><subfield code="a">Mode of access: Internet.</subfield></datafield><datafield tag="541" ind1=" " ind2=" "><subfield code="c">Purchase ;</subfield><subfield code="a">Purchased from Librairie Tunisienne by Mr. Sulaiman ;</subfield><subfield code="d">Received 5-12-1967 ;</subfield><subfield code="e">(Sulaiman 690713-156)</subfield></datafield><datafield tag="546" ind1=" " ind2=" "><subfield code="a">Arabic.</subfield></datafield><datafield tag="561" ind1=" " ind2=" "><subfield code="a">Ownership statement on front flyleaf (p.1) in name of one Muḥammad ibn Ismāʻīl ibn Maḥmūd ( محمد بن اساعيل بن محمود ) [?] ; UM Library inscription on front flyleaf (p.1) "General Library | 623379-221 | Librairie Tunisienne | 5-12-67" ; several excerpts, notes on fiqh, versification, etc. on added leaves at opening ; kabīkaj / kaykataj invocation "يا كيكتج احفظ هذا الكتاب من السوس يا كيكتج يا كيكتج" in Maghribī script on added leaf at opening (p.9) ; former owners' marks on added leaf (p.11) include ownership statement in name of one Maḥmūd (محمود) and another ownership statement in name of Muḥammad ibn Ismāʻīl ibn Maḥmūd ( محمد بن اسماعيل بن محمود ) this one dated 18 Dhū al-Qaʻdah 1281 [ca. 14 April 1865], along with oval seal impression here repeated twice and repeated again on 'title page' (p.15) and incipit page (p.16) ; marginal and interlinear glosses and corrections in several hands.</subfield></datafield><datafield tag="650" ind1=" " ind2="0"><subfield code="a">Manuscripts, Arabic</subfield><subfield code="z">Michigan</subfield><subfield code="z">Ann Arbor.</subfield></datafield><datafield tag="650" ind1=" " ind2="0"><subfield code="a">Islamic law</subfield><subfield code="v">Early works to 1800.</subfield></datafield><datafield tag="650" ind1=" " ind2="0"><subfield code="a">Hanafites</subfield><subfield code="v">Early works to 1800.</subfield></datafield><datafield tag="700" ind1="0" ind2=" "><subfield code="6">880-07</subfield><subfield code="a">Muḥammad ibn Ismāʻīl ibn Maḥmūd,</subfield><subfield code="d">fl. 1865,</subfield><subfield code="e">former owner.</subfield></datafield><datafield tag="700" ind1="0" ind2=" "><subfield code="6">880-05</subfield><subfield code="a">Ibrāhīm ibn Maḥmūd,</subfield><subfield code="d">fl. 1582,</subfield><subfield code="e">scribe.</subfield></datafield><datafield tag="773" ind1="0" ind2=" "><subfield code="a">Sulaiman Purchase Collection.</subfield></datafield><datafield tag="880" ind1="0" ind2=" "><subfield code="6">700-07/</subfield><subfield code="a">محمد بن اسماعيل بن محمود,</subfield><subfield code="e">مالك سابق.</subfield></datafield><datafield tag="880" ind1="0" ind2=" "><subfield code="6">700-05/</subfield><subfield code="a">ابراهيم بن محمود,</subfield><subfield code="e">ناسخ.</subfield></datafield><datafield tag="880" ind1="1" ind2="0"><subfield code="6">245-03/</subfield><subfield code="a">متن الشيخ القدوري,</subfield><subfield code="f">[989ه، 1582م].</subfield></datafield><datafield tag="880" ind1="1" ind2="0"><subfield code="6">240-02/</subfield><subfield code="a">مختصر</subfield></datafield><datafield tag="880" ind1="1" ind2=" "><subfield code="6">100-01/</subfield><subfield code="a">قدوري، احمد بن محمد.</subfield></datafield><datafield tag="CID" ind1=" " ind2=" "><subfield code="a">006834426</subfield></datafield><datafield tag="DAT" ind1="0" ind2=" "><subfield code="a">20190719102641.0</subfield><subfield code="b">20190719000000.0</subfield></datafield><datafield tag="DAT" ind1="1" ind2=" "><subfield code="a">20190719090653.0</subfield><subfield code="b">2019-07-19T16:12:11Z</subfield></datafield><datafield tag="DAT" ind1="2" ind2=" "><subfield code="a">2015-10-02T18:00:03Z</subfield></datafield><datafield tag="CAT" ind1=" " ind2=" "><subfield code="a">SDR-MIU</subfield><subfield code="d">EX LIBRIS - ALEPH</subfield><subfield code="l">prepare.pl-004-008</subfield></datafield><datafield tag="FMT" ind1=" " ind2=" "><subfield code="a">BK</subfield></datafield><datafield tag="HOL" ind1=" " ind2=" "><subfield code="0">sdr-miu006834426</subfield><subfield code="a">MiU</subfield><subfield code="b">SDR</subfield><subfield code="c">MIU</subfield><subfield code="p">mdp.39015079132133</subfield><subfield code="s">MIU</subfield><subfield code="1">006834426</subfield></datafield><datafield tag="974" ind1=" " ind2=" "><subfield code="b">MIU</subfield><subfield code="c">MIU</subfield><subfield code="d">20190719</subfield><subfield code="s">lit-dlps-dc</subfield><subfield code="u">mdp.39015079132133</subfield><subfield code="y">1582</subfield><subfield code="r">pd</subfield><subfield code="q">bib</subfield><subfield code="t">non-US bib date1 &lt; 1879</subfield></datafield></record></collection>